<?xml version="1.0" encoding="UTF-8"?>
<ting:container xmlns:ting="http://www.dbc.dk/ting" xmlns:dkabm="http://biblstandard.dk/abm/namespace/dkabm/" xmlns:ac="http://biblstandard.dk/ac/namespace/" xmlns:dkdcplus="http://biblstandard.dk/abm/namespace/dkdcplus/" xmlns:oss="http://oss.dbc.dk/ns/osstypes" xmlns:dc="http://purl.org/dc/elements/1.1/" xmlns:dcterms="http://purl.org/dc/terms/" xmlns:xsi="http://www.w3.org/2001/XMLSchema-instance" xmlns:docbook="http://docbook.org/ns/docbook"><dkabm:record><ac:identifier>44859831|870970</ac:identifier><ac:source>Bibliotekskatalog</ac:source><dc:title>Reading Cormac McCarthy</dc:title><dc:title xsi:type="dkdcplus:full">Reading Cormac McCarthy</dc:title><dc:title xsi:type="dkdcplus:series">The Pop Lit Book Club</dc:title><dc:creator xsi:type="dkdcplus:aut">Willard P. Greenwood</dc:creator><dc:creator xsi:type="oss:sort">Greenwood, Willard P.</dc:creator><dc:subject xsi:type="dkdcplus:DK5">99.4 McCarthy, Cormac</dc:subject><dc:subject xsi:type="dkdcplus:DK5-Text">Biografier af enkelte personer</dc:subject><dc:subject xsi:type="dkdcplus:DBCF">Cormac McCarthy</dc:subject><dc:subject xsi:type="oss:sort">McCarthy, Cormac</dc:subject><dc:subject xsi:type="dkdcplus:DBCF">amerikanske forfattere</dc:subject><dc:subject xsi:type="dkdcplus:DBCF">forfattere</dc:subject><dc:subject xsi:type="dkdcplus:DBCF">litteratur</dc:subject><dc:description>Indhold: A writer's life ; Cormac McCarthy and the genre ; The orchard keeper ; Outer dark ; Child of God ; Suttree ; Blood meridian ; All the pretty horses ; The crossing ; Citites of the plain ; No country for old men ; The road ; Dramatic works ; Today's issues ; Pop culture ; Cormac McCarthy on the internet ; Cormac McCarthy and the media ; What do I read next?</dc:description><dcterms:audience>voksenmaterialer</dcterms:audience><dkdcplus:version>1. edition</dkdcplus:version><dc:publisher>Greenwood Press</dc:publisher><dc:date>2009</dc:date><dc:type xsi:type="dkdcplus:BibDK-Type">Bog</dc:type><dcterms:extent>x, 141 sider</dcterms:extent><dc:identifier xsi:type="dkdcplus:ISBN">9780313356643</dc:identifier><dc:language xsi:type="dcterms:ISO639-2">eng</dc:language><dc:language>Engelsk</dc:language></dkabm:record><marcx:collection xmlns:marcx="info:lc/xmlns/marcxchange-v1"><marcx:record format="danMARC2" type="Bibliographic"><marcx:leader>00000n    2200000   4500</marcx:leader><marcx:datafield tag="001" ind1="0" ind2="0"><marcx:subfield code="a">44859831</marcx:subfield><marcx:subfield code="b">870970</marcx:subfield><marcx:subfield code="c">20120202135312</marcx:subfield><marcx:subfield code="d">20100617</marcx:subfield><marcx:subfield code="f">a</marcx:subfield></marcx:datafield><marcx:datafield tag="002" ind1="0" ind2="0"><marcx:subfield code="b">763000</marcx:subfield><marcx:subfield code="c">91945916</marcx:subfield><marcx:subfield code="x">76300091945916</marcx:subfield></marcx:datafield><marcx:datafield tag="004" ind1="0" ind2="0"><marcx:subfield code="a">e</marcx:subfield><marcx:subfield code="r">c</marcx:subfield></marcx:datafield><marcx:datafield tag="008" ind1="0" ind2="0"><marcx:subfield code="t">m</marcx:subfield><marcx:subfield code="u">f</marcx:subfield><marcx:subfield code="v">0</marcx:subfield><marcx:subfield code="a">2009</marcx:subfield><marcx:subfield code="b">us</marcx:subfield><marcx:subfield code="d">y</marcx:subfield><marcx:subfield code="l">eng</marcx:subfield><marcx:subfield code="x">03</marcx:subfield></marcx:datafield><marcx:datafield tag="009" ind1="0" ind2="0"><marcx:subfield code="a">a</marcx:subfield><marcx:subfield code="g">xx</marcx:subfield></marcx:datafield><marcx:datafield tag="021" ind1="0" ind2="0"><marcx:subfield code="e">9780313356643</marcx:subfield></marcx:datafield><marcx:datafield tag="100" ind1="0" ind2="0"><marcx:subfield code="a">Greenwood</marcx:subfield><marcx:subfield code="h">Willard P.</marcx:subfield><marcx:subfield code="4">aut</marcx:subfield></marcx:datafield><marcx:datafield tag="245" ind1="0" ind2="0"><marcx:subfield code="a">Reading Cormac McCarthy</marcx:subfield></marcx:datafield><marcx:datafield tag="250" ind1="0" ind2="0"><marcx:subfield code="a">1. edition</marcx:subfield><marcx:subfield code="b">÷</marcx:subfield></marcx:datafield><marcx:datafield tag="260" ind1="0" ind2="0"><marcx:subfield code="a">Santa Barbara, Calif.</marcx:subfield><marcx:subfield code="b">Greenwood Press</marcx:subfield><marcx:subfield code="c">2009</marcx:subfield></marcx:datafield><marcx:datafield tag="300" ind1="0" ind2="0"><marcx:subfield code="a">x, 141 sider</marcx:subfield></marcx:datafield><marcx:datafield tag="440" ind1="0" ind2="0"><marcx:subfield code="0"></marcx:subfield><marcx:subfield code="a">The ¤Pop Lit Book Club</marcx:subfield></marcx:datafield><marcx:datafield tag="530" ind1="0" ind2="0"><marcx:subfield code="a">Indhold: A writer's life ; Cormac McCarthy and the genre ; The orchard keeper ; Outer dark ; Child of God ; Suttree ; Blood meridian ; All the pretty horses ; The crossing ; Citites of the plain ; No country for old men ; The road ; Dramatic works ; Today's issues ; Pop culture ; Cormac McCarthy on the internet ; Cormac McCarthy and the media ; What do I read next?</marcx:subfield></marcx:datafield><marcx:datafield tag="532" ind1="0" ind2="0"><marcx:subfield code="a">Med litteraturhenvisninger</marcx:subfield></marcx:datafield><marcx:datafield tag="596" ind1="0" ind2="0"><marcx:subfield code="a">Ikke anskaffet</marcx:subfield></marcx:datafield><marcx:datafield tag="600" ind1="0" ind2="0"><marcx:subfield code="A">maccarthy</marcx:subfield><marcx:subfield code="a">McCarthy</marcx:subfield><marcx:subfield code="h">Cormac</marcx:subfield></marcx:datafield><marcx:datafield tag="652" ind1="0" ind2="0"><marcx:subfield code="m">99.4</marcx:subfield><marcx:subfield code="A">maccarthy</marcx:subfield><marcx:subfield code="a">McCarthy</marcx:subfield><marcx:subfield code="h">Cormac</marcx:subfield></marcx:datafield><marcx:datafield tag="652" ind1="0" ind2="0"><marcx:subfield code="p">81.38</marcx:subfield></marcx:datafield><marcx:datafield tag="666" ind1="0" ind2="0"><marcx:subfield code="f">forfattere</marcx:subfield></marcx:datafield><marcx:datafield tag="666" ind1="0" ind2="0"><marcx:subfield code="f">amerikanske forfattere</marcx:subfield></marcx:datafield><marcx:datafield tag="666" ind1="0" ind2="0"><marcx:subfield code="f">litteratur</marcx:subfield></marcx:datafield><marcx:datafield tag="996" ind1="0" ind2="0"><marcx:subfield code="a">726500</marcx:subfield></marcx:datafield><marcx:datafield tag="n55" ind1="0" ind2="0"><marcx:subfield code="a">20100617</marcx:subfield></marcx:datafield></marcx:record></marcx:collection><oss:openurl>_BASEURL_url_ctx_fmt=info:ofi/fmt:kev:mtx:ctx&amp;ctx_ver=Z39.88-2004&amp;rft_val_fmt=info:ofi/fmt:kev:mtx:book&amp;rft.btitle=Reading+Cormac+McCarthy&amp;rft.aulast=Greenwood&amp;rft.aufirst=Willard+P.&amp;rft.auinit=WP&amp;rft.date=2009&amp;rft.isbn=9780313356643&amp;rft.pub=Greenwood+Press&amp;rft.edition=1.+edition&amp;rft.series=The+Pop+Lit+Book+Club&amp;rft.genre=book</oss:openurl><adminData><creationDate>2010-06-17</creationDate><libraryType>none</libraryType><indexingAlias>danmarcxchange</indexingAlias><accessType>physical</accessType><genre>nonfiktion</genre><collectionIdentifier>870970-basis</collectionIdentifier></adminData></ting:container>